@article{einstein,
    author = "Albert Einstein",
    title = "{Zur Elektrodynamik bewegter K{\"o}rper}. ({German})
    [{On} the electrodynamics of moving bodies]",
    journal = "Annalen der Physik",
    volume = "322",
    number = "10",
    pages = "891--921",
    year = "1905",
    DOI = "http://dx.doi.org/10.1002/andp.19053221004",
    keywords = "physics"
}


@online{arduinowebsite,
    author = "Arduino.cl",
    title = "¿Qué es Arduino?",
    url  = "https://arduino.cl/que-es-arduino/",
    addendum = "(accessed: 20.02.2022)",
    keywords = "arduino,microcontrolador"
}

@online{serialsite,
    author = "Olga Weis",
    title = "Guía completa de especificaciones del puerto serie",
    url  = "https://www.virtual-serial-port.org/es/article/what-is-serial-port/",
    addendum = "(accessed: 20.02.2022)",
    keywords = "arduino,serial,comunicacion"
}

@misc{registershift,
    author= "Bitwise Ard",
    title= "Arduino desde cero en Español - Capítulo 70 - 74HC595 Registro de desplazamiento (Shift register)",
    url = "https://www.youtube.com/watch?v=LFqIA3ZvZE8",
    year = "2021",
    keywords = "74hc595,arduino,serial,paralelizacion"
}

@online{relojsite,
    author = "Equipo editorial de Indeed",
    title = "Diferencias entre comunicación sincrónica y asincrónica",
    url  = "https://mx.indeed.com/orientacion-profesional/desarrollo-profesional/diferencias-comunicacion-sincronica-asincronica",
    addendum = "(accessed: 20.02.2022)",
    keywords = "arduino,reloj,comunicacion,sincronica"
    month = "noviembre",
    year = "2021",

}